@article{adrion2020community,
  title={A community-maintained standard library of population genetic models},
  author={Adrion, Jeffrey R and Cole, Christopher B and Dukler, Noah and Galloway, Jared G and Gladstein, Ariella L and Gower, Graham and Kyriazis, Christopher C and Ragsdale, Aaron P and Tsambos, Georgia and Baumdicker, Franz and others},
  journal={eLife},
  volume={9},
  pages={e54967},
  year={2020},
}
@article{ragsdale2020lessons,
  title={Lessons learned from bugs in models of human history},
  author={Ragsdale, Aaron P and Nelson, Dominic and Gravel, Simon and Kelleher, Jerome},
  journal={American Journal of Human Genetics},
  year={2020},
  volume={107},
  number={4},
  pages={583--588}
}
@article{thornton2014cpp,
  title={A {C++} template library for efficient forward-time population genetic simulation of large populations},
  author={Thornton, Kevin R},
  journal={Genetics},
  volume={198},
  number={1},
  pages={157--166},
  year={2014},
  publisher={Genetics Soc America}
}
@ARTICLE{thornton2019-nu,
  title    = "Polygenic Adaptation to an Environmental Shift: Temporal Dynamics
              of Variation Under Gaussian Stabilizing Selection and Additive
              Effects on a Single Trait",
  author   = "Thornton, Kevin R",
  journal  = "Genetics",
  volume   =  213,
  number   =  4,
  pages    = "1513--1530",
  month    =  dec,
  year     =  2019,
  keywords = "forward simulation; hitchhiking; linked selection; polygenic
              adaptation",
  language = "en"
}
@article{kelleher2016efficient,
  title={Efficient coalescent simulation and genealogical analysis for large sample sizes},
  author={Kelleher, Jerome and Etheridge, Alison M and McVean, Gilean},
  journal={PLoS computational biology},
  volume={12},
  number={5},
  pages={e1004842},
  year={2016},
  publisher={Public Library of Science San Francisco, CA USA}
}
@article{jouganous2017inferring,
  title={Inferring the joint demographic history of multiple populations: beyond the diffusion approximation},
  author={Jouganous, Julien and Long, Will and Ragsdale, Aaron P and Gravel, Simon},
  journal={Genetics},
  volume={206},
  number={3},
  pages={1549--1567},
  year={2017},
  publisher={Genetics Soc America}
}
@article{gilmour_demes_1939,
  title={Demes: A Suggested New Terminology},
  author={Gilmour, J. S. L. and Gregor, J. W.},
  journal={Nature},
  volume={144},
  number={3642},
  pages={333--333},
  year={1939},
}
@article{gilmour_deme_1955,
  title={The deme terminology and the units of micro-evolutionary change},
  author={Gilmour, J. S. L. and Heslop-Harrison, J.},
  journal={Genetica},
  volume={27},
  number={1},
  pages={147--161},
  year={1955},
}
@article{gutenkunst2009inferring,
  title={Inferring the joint demographic history of multiple populations from multidimensional SNP frequency data},
  author={Gutenkunst, Ryan N and Hernandez, Ryan D and Williamson, Scott H and Bustamante, Carlos D},
  journal={PLoS genetics},
  volume={5},
  number={10},
  pages={e1000695},
  year={2009},
  publisher={Public Library of Science}
}
@article{haller2019slim,
  title={{SLiM 3:} Forward genetic simulations beyond the {Wright--Fisher} model},
  author={Haller, Benjamin C and Messer, Philipp W},
  journal={Molecular biology and evolution},
  volume={36},
  number={3},
  pages={632--637},
  year={2019},
  publisher={Oxford University Press}
}
@article{kamm2017efficient,
  title={Efficient computation of the joint sample frequency spectra for multiple populations},
  author={Kamm, John A and Terhorst, Jonathan and Song, Yun S},
  journal={Journal of Computational and Graphical Statistics},
  volume={26},
  number={1},
  pages={182--194},
  year={2017},
  publisher={Taylor \& Francis}
}

@article{ben2009yaml,
  title={{YAML} ain't markup language (yaml™) version 1.1},
  author={Ben-Kiki, Oren and Evans, Clark and Ingerson, Brian},
  journal={Working Draft 2008-05},
  volume={11},
  year={2009}
}

@article{ragsdale2019models,
  title={Models of archaic admixture and recent history from two-locus statistics},
  author={Ragsdale, Aaron P and Gravel, Simon},
  journal={PLoS genetics},
  volume={15},
  number={6},
  pages={e1008204},
  year={2019},
  publisher={Public Library of Science}
}

@article{noskova2020gadma,
    title={GADMA: Genetic algorithm for inferring demographic history of
        multiple populations from allele frequency spectrum data},
    author={Noskova, Ekaterina and Ulyantsev, Vladimir and Koepfli,
        Klaus-Peter and O’Brien, Stephen J and Dobrynin, Pavel},
    journal={GigaScience},
    volume={9},
    number={3},
    pages={giaa005},
    year={2020},
    publisher={Oxford University Press}
}

@InCollection{kelleher2020coalescent,
    author={Kelleher, Jerome and Lohse, Konrad},
    editor={Dutheil, Julien Y.},
    title={Coalescent Simulation with msprime},
    bookTitle={Statistical Population Genomics},
    year={2020},
    publisher={Springer US},
    address={New York, NY},
    pages={191--230},
}

@article{hudson2002generating,
    author ={Richard R. Hudson},
    title = {Generating samples under a {Wright-Fisher} neutral model of genetic variation}, 
    year = {2002},
    journal = {Bioinformatics},
    volume = {18},
    number = {2},
    pages = {337--338},
}

@article{excoffier2011fastsimcoal,
    title={Fastsimcoal: a continuous-time coalescent simulator of genomic
        diversity under arbitrarily complex evolutionary scenarios},
    author={Excoffier, Laurent and Foll, Matthieu},
    journal={Bioinformatics},
    volume={27},
    number={9},
    pages={1332--1334},
    year={2011},
    publisher={Oxford University Press}
}

@article{guillaume2006nemo,
    title={Nemo: an evolutionary and population genetics programming
        framework},
    author={Guillaume, Fr{\'e}d{\'e}ric and Rougemont, Jacques},
    journal={Bioinformatics},
    volume={22},
    number={20},
    pages={2556--2557},
    year={2006},
    publisher={Oxford University Press}
}

@article{staab2015scrm,
    title={scrm: Efficiently simulating long sequences using the approximated
        coalescent with recombination},
    author={Staab, Paul R and Zhu, Sha and Metzler, Dirk and Lunter,
        Gerton},
    journal={Bioinformatics},
    volume={31},
    number={10},
    pages={1680--1682},
    year={2015},
    publisher={Oxford University Press}
}

@article{zhou2018popdemog,
    title={{POPdemog}: visualizing population demographic history from
        simulation scripts},
    author={Zhou, Ying and Tian, Xiaowen and Browning, Brian L and
        Browning, Sharon R},
    journal={Bioinformatics},
    volume={34},
    number={16},
    pages={2854--2855},
    year={2018},
    publisher={Oxford University Press}
}

@article{carvajal2008simulation,
    title={Simulation of genomes: a review},
    author={Carvajal-Rodr{\'\i}guez, Antonio},
    journal={Curr Genomics},
    volume={9},
    number={3},
    pages={155},
    year={2008},
}

@article{youfang2008survey,
    title={A survey of genetic simulation software for population and epidemiological studies},
    author={Liu, Youfang and Athanasiadis, Georgios and Weale, Michael E},
    journal={Hum Genomics},
    volume={3},
    number={1},
    pages={79},
    year={2008},
}

@article{arenas2012simulation,
    title={Simulation of molecular data under diverse evolutionary scenarios},
    author={Arenas, Miguel},
    journal = {PLoS Comput Biol},
    volume={8},
    number={5},
    pages={e1002495},
    year={2012},
}

@article{yuan2012overview,
    title={An overview of population genetic data simulation},
    author={Yuan, Xiguo and Miller, David J and Zhang, Junying and Herrington, David and Wang, Yue},
    journal={J Comput Biol},
    volume={19},
    number={1},
    pages={42--54},
    year={2012},
}

@article{hoban2012computer,
    title={Computer simulations: tools for population and evolutionary genetics},
    author={Hoban, Sean and Bertorelle, Giorgio and Gaggiotti, Oscar E},
    journal={Nat Rev Genet},
    volume={13},
    number={2},
    pages={110--122},
    year={2012},
}

@article{liu2008survey,
    title={A survey of genetic simulation software for population and
        epidemiological studies},
    author={Liu, Youfang and Athanasiadis, Georgios and Weale, Michael E},
    journal={Human genomics},
    volume={3},
    number={1},
    pages={79},
    year={2008},
    publisher={BioMed Central}
}

@article{ewing2010msms,
    author ={Gregory Ewing and Joachim Hermisson},
    title = {{MSMS:} A Coalescent Simulation Program Including Recombination, Demographic Structure, 
        and Selection at a Single Locus}, 
    year = {2010},
    journal = {Bioinformatics},
    volume = {26},
    number = {16},
    pages = {2064--2065},
}

@article{staab2016coala,
    title={Coala: an {R} framework for coalescent simulation},
    author={Staab, Paul R and Metzler, Dirk},
    journal={Bioinformatics},
    volume={32},
    number={12},
    pages={1903--1904},
    year={2016},
    publisher={Oxford University Press}
}

@article{mailund2005coasim,
    title={{CoaSim}: a flexible environment for simulating genetic data under
        coalescent models},
    author={Mailund, Thomas and Schierup, Mikkel H and Pedersen, Christian
        NS and Mechlenborg, Peter JM and Madsen, Jesper N and Schauser,
        Leif},
    journal={BMC bioinformatics},
    volume={6},
    number={1},
    pages={1--6},
    year={2005},
    publisher={Springer}
}

@article{chen2009fast,
    title={Fast and flexible simulation of DNA sequence data},
    author={Chen, Gary K and Marjoram, Paul and Wall, Jeffrey D},
    journal={Genome research},
    volume={19},
    number={1},
    pages={136--142},
    year={2009},
    publisher={Cold Spring Harbor Lab}
}

@article{shlyakhter2014cosi2,
    title={Cosi2: an efficient simulator of exact and approximate coalescent
        with selection},
    author={Shlyakhter, Ilya and Sabeti, Pardis C and Schaffner, Stephen
        F},
    journal={Bioinformatics},
    volume={30},
    number={23},
    pages={3427--3429},
    year={2014},
    publisher={Oxford University Press}
}

@article{kern2016discoal,
    title={Discoal: flexible coalescent simulations with selection},
    author={Kern, Andrew D and Schrider, Daniel R},
    journal={Bioinformatics},
    volume={32},
    number={24},
    pages={3839--3841},
    year={2016},
    publisher={Oxford University Press}
}

@article{becheler2019quetzal,
    title={The Quetzal Coalescence template library: A C++ programmers
        resource for integrating distributional, demographic and coalescent
            models},
    author={Becheler, Arnaud and Coron, Camille and Dupas, St{\'e}phane},
    journal={Molecular ecology resources},
    volume={19},
    number={3},
    pages={788--793},
    year={2019},
    publisher={Wiley Online Library}
}

@article{ewing2015popplanner,
    title={{PopPlanner}: visually constructing demographic models for
        simulation},
    author={Ewing, Gregory B and Reiff, Pauline A and Jensen, Jeffrey D},
    journal={Frontiers in genetics},
    volume={6},
    pages={150},
    year={2015},
    publisher={Frontiers}
}

@article{antao2007modeler4simcoal2,
    title={{MODELER4SIMCOAL2}: A user-friendly, extensible modeler of
        demography and linked loci for coalescent simulations},
    author={Antao, Tiago and Beja-Pereira, Albano and Luikart, Gordon},
    journal={Bioinformatics},
    volume={23},
    number={14},
    pages={1848--1850},
    year={2007},
    publisher={Oxford University Press}
}

@article{haller2017flexible,
    author = {Haller, Benjamin C. and Messer, Philipp W.},
    journal = {Molecular Biology and Evolution},
    number = 1,
    pages = {230-240},
    title = {{SLiM} 2: Flexible, Interactive Forward Genetic Simulations},
    volume = 34,
    year = 2017
}

@article{baker20161,
    title={1,500 scientists lift the lid on reproducibility},
    author={Baker, Monya},
    journal={Nature News},
    volume={533},
    number={7604},
    pages={452},
    year={2016}
}

@article{munafo2017manifesto,
    title={A manifesto for reproducible science},
    author={Munaf{\`o}, Marcus R and Nosek, Brian A and Bishop, Dorothy VM and Button, Katherine S and Chambers, Christopher D and Du Sert, Nathalie Percie and Simonsohn, Uri and Wagenmakers, Eric-Jan and Ware, Jennifer J and Ioannidis, John PA},
    journal={Nature human behaviour},
    volume={1},
    number={1},
    pages={1--9},
    year={2017},
    publisher={Nature Publishing Group}
}

@misc{bray2017javascript,
    series={Request for Comments},
    howpublished =  {RFC 8259},
    publisher = {RFC Editor},
    url = {https://rfc-editor.org/rfc/rfc8259.txt},
    author ={Tim Bray},
    title ={{The JavaScript Object Notation {(JSON)} Data Interchange Format}},
    year =2017,
}

@misc{wright2020json,
    author ={Austin Wright and Henry Andrews and Ben Hutton and Greg Dennis},
    title = {{JSON} Schema: A Media Type for Describing {JSON} Documents},
    year = 2020,
    url={https://json-schema.org/draft/2020-12/json-schema-core.html},
}

@misc{wright2020validation,
    author ={Austin Wright and Henry Andrews and Ben Hutton and Greg Dennis},
    title = {{JSON} Schema Validation: A Vocabulary for Structural Validation of
        {JSON}},
    year = 2020,
    url={https://json-schema.org/draft/2020-12/json-schema-validation.html},
}

@article{beaumont2002approximate,
    Author = {Beaumont, Mark A. AND Zhang, W. AND Balding, D. J. },
    Journal = {Genetics},
    Pages = {2025-2026},
    Title = {Approximate {B}ayesian computation in population genetics},
    Volume = {162},
    Year = {2002}
}
@article{christiansen1975hard,
  title={Hard and soft selection in a subdivided population},
  author={Christiansen, Freddy Bugge},
  journal={The American Naturalist},
  volume={109},
  number={965},
  pages={11--16},
  year={1975},
  publisher={University of Chicago Press}
}
@ARTICLE{baumdicker2021-iu,
  title    = "Efficient ancestry and mutation simulation with msprime 1.0",
  author   = "Baumdicker, Franz and Bisschop, Gertjan and Goldstein, Daniel and
              Gower, Graham and Ragsdale, Aaron P and Tsambos, Georgia and Zhu,
              Sha and Eldon, Bjarki and Ellerman, E Castedo and Galloway, Jared
              G and Gladstein, Ariella L and Gorjanc, Gregor and Guo, Bing and
              Jeffery, Ben and Kretzschmar, Warren W and Lohse, Konrad and
              Matschiner, Michael and Nelson, Dominic and Pope, Nathaniel S and
              Quinto-Cort{\'e}s, Consuelo D and Rodrigues, Murillo F and
              Saunack, Kumar and Sellinger, Thibaut and Thornton, Kevin and van
              Kemenade, Hugo and Wohns, Anthony W and Wong, Yan and Gravel,
              Simon and Kern, Andrew D and Koskela, Jere and Ralph, Peter L and
              Kelleher, Jerome",
  journal  = "Genetics",
  month    =  dec,
  year     =  2021,
  keywords = "Ancestral Recombination Graphs; Coalescent; Mutations; Simulation",
  language = "en"
}

@BOOK{wakeley2008-hd,
  title     = "Coalescent Theory: An Introduction",
  author    = "Wakeley, John",
  abstract  = "Coalescent theory provides the foundation for molecular
               population genetics and genomics. It is the conceptual framework
               for studies of DNA sequence variation within species, and is the
               source of essential tools for making inferences about mutation,
               recombination, population structure and natural selection from
               DNA sequence data.",
  publisher = "W. H. Freeman",
  month     =  jun,
  year      =  2008,
  language  = "en"
}

@BOOK{burger2000-ul,
  title     = "The Mathematical Theory of Selection, Recombination, and
               Mutation",
  author    = "B{\"u}rger, R",
  publisher = "Wiley",
  month     =  nov,
  year      =  2000,
  keywords  = "bibtex-import; books",
  language  = "en"
}

@book{crowkimura1970,
    title = "An introduction to mathematical population genetics theory",
    author = "Crow, James F. and M. Kimura",
    publisher = "Alpha Editions",
    year = 1970,
    keywords = "bibtex-import; books",
    language = "en",
}

